Referens till projektf√∂rslaget


@article{LexRank,
	author = {Erkan, G\"{u}nes and Radev, Dragomir R.},
	title = {LexRank: Graph-based Lexical Centrality As Salience in Text Summarization},
	journal = {J. Artif. Int. Res.},
	issue_date = {July 2004},
	volume = {22},
	number = {1},
	month = dec,
	year = {2004},
	issn = {1076-9757},
	pages = {457--479},
	numpages = {23},
	url = {http://dl.acm.org/citation.cfm?id=1622487.1622501},
	acmid = {1622501},
	publisher = {AI Access Foundation},
	address = {USA},
} 

@article{LexicalChains,
	author = {Silber, H. Grogory and McCoy, Kathleen F.},
	title = {Efficiently Computed Lexical Chains As an Intermediate Representation for Automatic Text Summarization},
	journal = {Comput. Linguist.},
	issue_date = {December 2002},
	volume = {28},
	number = {4},
	month = dec,
	year = {2002},
	issn = {0891-2017},
	pages = {487--496},
	numpages = {10},
	url = {http://dx.doi.org/10.1162/089120102762671954},
	doi = {10.1162/089120102762671954},
	acmid = {638182},
	publisher = {MIT Press},
	address = {Cambridge, MA, USA},
}

@misc{LexChains,
	title = {Lexical Chains},
	howpublished = {\url{http://acl.ldc.upenn.edu/J/J02/J02-4004.pdf?origin=publication_detail}},
	note = {Accessed: 2014-05-09}
} 

Referens till Opiniosis

@misc{wikidb,
	title = {Wikipedia database},
	howpublished = {\url{http://en.wikipedia.org/wiki/Wikipedia:Database_download}},
	note = {Accessed: 2014-05-09}
}

@misc{solr,
	title = {Apache Solr},
	howpublished = {\url{http://lucene.apache.org/solr/}},
	note = {Accessed: 2014-05-09}
}

@misc{lucene,
	title = {Lucene Scoring Function},
	howpublished = {\url{https://lucene.apache.org/core/4_0_0/core/org/apache/lucene/search/similarities/TFIDFSimilarity.html}},
	note = {Accessed: 2014-05-09}
}

@misc{JavaFX,
	title = {JavaFX},
	howpublished = {\url{http://www.oracle.com/technetwork/java/javase/overview/javafx-overview-2158620.html}},
	note = {Accessed: 2014-05-12}
}

@misc{JSONsimple,
	title = {JSON simple},
	howpublished = {\url{https://code.google.com/p/json-simple/}},
	note = {Accessed: 2014-05-12}
}